@article{breiman2001random,
  title={Random forests},
  author={Breiman, L.},
  journal={Machine learning},
  volume={45},
  number={1},
  pages={5--32},
  year={2001},
  publisher={Springer}
}

@article{breiman1996bagging,
  title={Bagging predictors},
  author={Breiman, L.},
  journal={Machine learning},
  volume={24},
  number={2},
  pages={123--140},
  year={1996},
  publisher={Springer}
}

@inproceedings{kohavi1996bias,
  title={Bias plus variance decomposition for zero-one loss functions},
  author={Kohavi, Ron and Wolpert, David H and others},
  booktitle={ICML},
  volume={96},
  pages={275--83},
  year={1996}
}

@article{krogh1995neural,
  title={Neural network ensembles, cross validation, and active learning},
  author={Krogh, Anders and Vedelsby, Jesper and others},
  journal={Advances in neural information processing systems},
  volume={7},
  pages={231--238},
  year={1995},
  publisher={MORGAN KAUFMANN PUBLISHERS}
}

@article{knuth1992problem,
  title={The problem of compatible representatives},
  author={Knuth, Donald E and Raghunathan, Arvind},
  journal={SIAM Journal on Discrete Mathematics},
  volume={5},
  number={3},
  pages={422--427},
  year={1992},
  publisher={SIAM}
}

@book{bishop2006pattern,
  title={Pattern recognition and machine learning},
  author={Bishop, Christopher M},
  year={2006},
  publisher={springer}
}

@article{moody1989fast,
  title={Fast learning in networks of locally-tuned processing units},
  author={Moody, John and Darken, Christian J},
  journal={Neural computation},
  volume={1},
  number={2},
  pages={281--294},
  year={1989},
  publisher={MIT Press}
}

@article{hu2001quasi,
  title={A quasi-ARMAX approach to modelling of non-linear systems},
  author={Hu, Jinglu and Kumamaru, Kousuke and Hirasawa, Kotaro},
  journal={International Journal of Control},
  volume={74},
  number={18},
  pages={1754--1766},
  year={2001},
  publisher={Taylor \& Francis}
}

@Book{breiman:1984,
  Author         = {Breiman, L. and Friedman, J. H. and Olshen, R. A. and
                   Stone, C. J.},
  Title          = {Classification and regression trees},
  year           = 1984
}

@Book{quinlan:1993,
  Author         = {Quinlan, John Ross},
  Title          = {C4.5: programs for machine learning},
  Publisher      = {Morgan kaufmann},
  Volume         = {1},
  year           = 1993
}

@Book{zighed:2000,
  Author         = {Zighed, Djamel Abdelkader and Rakotomalala, Ricco},
  Title          = {Graphes d'induction: apprentissage et data mining},
  Publisher      = {Hermes Paris},
  year           = 2000
}

@inproceedings{krizhevsky2012imagenet,
  title={Imagenet classification with deep convolutional neural networks},
  author={Krizhevsky, Alex and Sutskever, Ilya and Hinton, Geoffrey E},
  booktitle={Advances in neural information processing systems},
  pages={1097--1105},
  year={2012}
}


@article{cortes1995support,
  title={Support-vector networks},
  author={Cortes, Corinna and Vapnik, Vladimir},
  journal={Machine learning},
  volume={20},
  number={3},
  pages={273--297},
  year={1995},
  publisher={Springer}
}

@article{vapnik2000nature,
  title={The nature of statistical learning theory. Statistics for Engineering and Information Science},
  author={Vapnik, Vladimir N},
  journal={Springer-Verlag, New York},
  year={2000}
}

@article{barutcuoglu2006hierarchical,
  title={Hierarchical multi-label prediction of gene function},
  author={Barutcuoglu, Zafer and Schapire, Robert E and Troyanskaya, Olga G},
  journal={Bioinformatics},
  volume={22},
  number={7},
  pages={830--836},
  year={2006},
  publisher={Oxford Univ Press}
}

@incollection{diplaris2005protein,
  title={Protein classification with multiple algorithms},
  author={Diplaris, Sotiris and Tsoumakas, Grigorios and Mitkas, Pericles A and Vlahavas, Ioannis},
  booktitle={Advances in Informatics},
  pages={448--456},
  year={2005},
  publisher={Springer}
}

@book{menard2002applied,
  title={Applied logistic regression analysis},
  author={Menard, Scott},
  volume={106},
  year={2002},
  publisher={Sage}
}

@article{hornik1989multilayer,
  title={Multilayer feedforward networks are universal approximators},
  author={Hornik, Kurt and Stinchcombe, Maxwell and White, Halbert},
  journal={Neural networks},
  volume={2},
  number={5},
  pages={359--366},
  year={1989},
  publisher={Elsevier}
}

@article{park1989automated,
  title={Automated design of multiple-class piecewise linear classifiers},
  author={Park, Youngtae and Sklansky, Jack},
  journal={Journal of Classification},
  volume={6},
  number={1},
  pages={195--222},
  year={1989},
  publisher={Springer}
}



@inproceedings{chen2010local,
  title="{Local linear multi-SVM method for gene function classification}",
  author="Chen, Benhui and Sun, Feiran and Hu, Jinglu",
  booktitle="Nature and Biologically Inspired Computing (NaBIC), 2010 Second World Congress on",
  pages="183--188",
  year="2010",
  organization="IEEE"
}

@inproceedings{schulter2015fast,
  title={Fast and accurate image upscaling with super-resolution forests},
  author={Schulter, Samuel and Leistner, Christian and Bischof, Horst},
  booktitle={Proceedings of the IEEE Conference on Computer Vision and Pattern Recognition},
  pages={3791--3799},
  year={2015}
}

@inproceedings{li2015geometric,
  title={Geometric approach of quasi-linear kernel composition for support vector machine},
  author={Li, Weite and Hu, Jinglu},
  booktitle={2015 International Joint Conference on Neural Networks (IJCNN)},
  pages={1--7},
  year={2015},
  organization={IEEE}
}

@article{cheng2010efficient,
  title={Efficient algorithm for localized support vector machine},
  author={Cheng, Haibin and Tan, Pang-Ning and Jin, Rong},
  journal={Knowledge and Data Engineering, IEEE Transactions on},
  volume={22},
  number={4},
  pages={537--549},
  year={2010},
  publisher={IEEE}
}

@inproceedings{chen2012composite,
  title="{Composite kernel based SVM for hierarchical multi-label gene function classification}",
  author="Chen, Benhui and Duan, Lihua and Hu, Jinglu",
  booktitle="The 2012 International Joint Conference on Neural Networks (IJCNN)",
  pages="1--6",
  year="2012",
  organization="IEEE"
}

@inproceedings{zhang2006svm,
  title="{SVM-KNN}: Discriminative nearest neighbor classification for visual category recognition",
  author="Zhang, Hao and Berg, Alexander C and Maire, Michael and Malik, Jitendra",
  booktitle="Computer Vision and Pattern Recognition, 2006 IEEE Computer Society Conference on",
  volume="2",
  pages="2126--2136",
  year="2006",
  organization="IEEE"
}

@article{li2014growing,
  title={Growing construction of conlitron and multiconlitron},
  author={Li, Yujian and Leng, Qiangkui and Fu, Yaozong and Li, Houjun},
  journal={Knowledge-Based Systems},
  volume={65},
  pages={12--20},
  year={2014},
  publisher={Elsevier}
}

@book{scholkopf2001learning,
  title={Learning with kernels: support vector machines, regularization, optimization, and beyond},
  author={Scholkopf, Bernhard and Smola, Alexander J},
  year={2001},
  publisher={MIT press}
}

@article{bengio2013representation,
  title={Representation learning: A review and new perspectives},
  author={Bengio, Yoshua and Courville, Aaron and Vincent, Pierre},
  journal={Pattern Analysis and Machine Intelligence, IEEE Transactions on},
  volume={35},
  number={8},
  pages={1798--1828},
  year={2013},
  publisher={IEEE}
}

@article{lanckriet2004statistical,
  title={A statistical framework for genomic data fusion},
  author={Lanckriet, Gert RG and De Bie, Tijl and Cristianini, Nello and Jordan, Michael I and Noble, William Stafford},
  journal={Bioinformatics},
  volume={20},
  number={16},
  pages={2626--2635},
  year={2004},
  publisher={Oxford Univ Press}
}

@inproceedings{lewis2006nonstationary,
  title={Nonstationary kernel combination},
  author={Lewis, Darrin P and Jebara, Tony and Noble, William Stafford},
  booktitle={Proceedings of the 23rd international conference on Machine learning},
  pages={553--560},
  year={2006},
  organization={ACM}
}

@inproceedings{gehler2008infinite,
  title={Infinite kernel learning},
  author={Gehler, Peter and Nowozin, Sebastian},
  booktitle={NIPS Workshop on Kernel Learning: Automatic Selection of Optimal Kernels},
  year={2008}
}


@article{bo2014quasi,
  title={Quasi-Linear Support Vector Machine for Nonlinear Classification},
  author={Bo Zhou and Benhui Chen and Jinglu Hu},
  journal={IEICE Transactions on Fundamentals of Electronics, Communications and Computer Sciences},
  volume={97},
  number={7},
  pages={1587--1594},
  year={2014},
  publisher={The Institute of Electronics, Information and Communication Engineers}
}

@article{weite2016deep,
  title={A Deep Neural Network Based Quasi-Linear Kernel for Support Vector Machines},
  author={Weite, LI and Bo, ZHOU and Benhui, CHEN and Jinglu, HU},
  journal={IEICE TRANSACTIONS on Fundamentals of Electronics, Communications and Computer Sciences},
  volume={99},
  number={12},
  pages={2558--2565},
  year={2016},
  publisher={The Institute of Electronics, Information and Communication Engineers}
}

@article{li2013fast,
  title="{Fast SVM training using edge detection on very large datasets}",
  author="Li, Boyang and Wang, Qiangwei and Hu, Jinglu",
  journal="IEEJ Transactions on Electrical and Electronic Engineering",
  volume="8",
  number="3",
  pages="229--237",
  year="2013",
  publisher="Wiley Online Library"
}

@article{keerthi2000fast,
  title={A fast iterative nearest point algorithm for support vector machine classifier design},
  author={Keerthi, S Sathiya and Shevade, Shirish Krishnaj and Bhattacharyya, Chiranjib and Murthy, Krishna RK},
  journal={Neural Networks, IEEE Transactions on},
  volume={11},
  number={1},
  pages={124--136},
  year={2000},
  publisher={IEEE}
}

@article{platt1999fast,
  title={Fast training of support vector machines using sequential minimal optimization},
  author={Platt, John and others},
  journal={Advances in kernel methods support vector learning},
  volume={3},
  year={1999},
  publisher={Cambridge, MA}
}

@book{jolliffe2002principal,
  title={Principal component analysis},
  author={Jolliffe, Ian},
  year={2002},
  publisher={Wiley Online Library}
}

@article{li2013fast,
  title="{Fast SVM training using edge detection on very large datasets}",
  author="Li, Boyang and Wang, Qiangwei and Hu, Jinglu",
  journal="IEEJ Transactions on Electrical and Electronic Engineering",
  volume="8",
  number="3",
  pages="229--237",
  year="2013",
  publisher="Wiley Online Library"
}



@article{yujian2011multiconlitron,
  title={Multiconlitron: A general piecewise linear classifier},
  author={Yujian, Li and Bo, Liu and Xinwu, Yang and Yaozong, Fu and Houjun, Li},
  journal={Neural Networks, IEEE Transactions on},
  volume={22},
  number={2},
  pages={276--289},
  year={2011},
  publisher={IEEE}
}


@inproceedings{bennett2000duality,
  title="{Duality and geometry in SVM classifiers}",
  author="Bennett, Kristin P and Bredensteiner, Erin J",
  booktitle="ICML",
  pages="57--64",
  year="2000"
}

@inproceedings{sancheti1992computation,
  title={Computation of certain measures of proximity between convex polytopes: A complexity viewpoint},
  author={Sancheti, NK and Keerthi, S Sathiya},
  booktitle={Robotics and Automation, 1992. Proceedings., 1992 IEEE International Conference on},
  pages={2508--2513},
  year={1992},
  organization={IEEE}
}

@book{boyd2004convex,
  title={Convex optimization},
  author={Boyd, Stephen and Vandenberghe, Lieven},
  year={2004},
  publisher={Cambridge university press}
}

@article{kalmykov1981comparative,
  title={COMPARATIVE-ANALYSIS OF ALGORITHMS IN SYNTHESIS OF LINEAR DECISION RULE FOR CHECKING COMPLEX HYPOTHESES},
  author={KALMYKOV, VG and SUKHORUKOV, AA and SHLESINGER, MI and SHULDESHOV, GA},
  journal={AVTOMATIKA},
  number={1},
  pages={3--9},
  year={1981},
  publisher={ACADEMY SCIENCE UKRAINE PROSPECT SCIENCE 46, MSP, KIEV 22, UKRAINE 252650}
}

@article{shin2005invariance,
  title={Invariance of neighborhood relation under input space to feature space mapping},
  author={Shin, Hyunjung and Cho, Sungzoon},
  journal={Pattern recognition letters},
  volume={26},
  number={6},
  pages={707--718},
  year={2005},
  publisher={Elsevier}
}

@article{roweis2000nonlinear,
  title={Nonlinear dimensionality reduction by locally linear embedding},
  author={Roweis, Sam T and Saul, Lawrence K},
  journal={Science},
  volume={290},
  number={5500},
  pages={2323--2326},
  year={2000},
  publisher={American Association for the Advancement of Science}
}

@article{chang2011libsvm,
  title="{LIBSVM: A library for support vector machines}",
  author="Chang, Chih-Chung and Lin, Chih-Jen",
  journal="ACM Transactions on Intelligent Systems and Technology (TIST)",
  volume="2",
  number="3",
  pages="27",
  year="2011",
  publisher="ACM"
}

@misc{asuncion2007uci,
  title={UCI machine learning repository},
  author={Asuncion, Arthur and Newman, David},
  year={2007}
}

@article{wolberg1990multisurface,
  title={Multisurface method of pattern separation for medical diagnosis applied to breast cytology.},
  author={Wolberg, William H and Mangasarian, Olvi L},
  journal={Proceedings of the national academy of sciences},
  volume={87},
  number={23},
  pages={9193--9196},
  year={1990},
  publisher={National Acad Sciences}
}

@inproceedings{horton1996probabilistic,
  title={A probabilistic classification system for predicting the cellular localization sites of proteins.},
  author={Horton, Paul and Nakai, Kenta},
  booktitle={Ismb},
  volume={4},
  pages={109--115},
  year={1996}
}

@article{gorman1988analysis,
  title={Analysis of hidden units in a layered network trained to classify sonar targets},
  author={Gorman, R Paul and Sejnowski, Terrence J},
  journal={Neural networks},
  volume={1},
  number={1},
  pages={75--89},
  year={1988},
  publisher={Elsevier}
}

@inproceedings{guvenir1997supervised,
  title={A supervised machine learning algorithm for arrhythmia analysis},
  author={G{\"u}venir, H and Acar, Burak and Demir{\"o}z, G{\"u}lsen and others},
  booktitle={Computers in Cardiology 1997},
  pages={433--436},
  year={1997},
  organization={IEEE}
}

@inproceedings{elisseeff2001kernel,
  title={A kernel method for multi-labelled classification},
  author={Elisseeff, Andr{\'e} and Weston, Jason},
  booktitle={Advances in neural information processing systems},
  pages={681--687},
  year={2001}
}